@online{Chemie.de-Wärmekapazität,
url = {https://www.chemie.de/lexikon/Spezifische_W\%C3\%A4rmekapazit\%C3\%A4t.html},
urldate = {2020-11-01},
title = {Literaturwert für spezifische Wärmekapazität von Wasser},
year = {2020},
}

@manual{V103,
title = {Versuchsanleitung zu Versuch V103 {Biegung elastischer Stäbe}},
year = {2021},
organization = {Fakultät Phyik, TU Dortmund},
}

@online{Messing,
url = {https://www.chemie.de/lexikon/Messing.html},
urldate = {2021-05-30},
title = {Literaturwert für die Dichte von Messing},
year = {2021},
}

@online{Kupfer,
url = {https://www.chemie.de/lexikon/Kupfer.html},
urldate = {2021-05-30},
title = {Literaturwert für die Dichte von Kupfer},
year = {2021},
}

@online{Aluminium,
url = {https://www.chemie.de/lexikon/Aluminium.html},
urldate = {2021-05-30},
title = {Literaturwert für die Dichte von Aluminium},
year = {2021},
}

@online{Silber,
url = {https://www.chemie.de/lexikon/Silber.html},
urldate = {2021-05-30},
title = {Literaturwert für die Dichte von Silber},
year = {2021},
}