@online{formel-sammlung,
url = {https://www.formel-sammlung.de/formel-Austrittsarbeit-von-Elektronen-aus-Metallen-3-25-134.html},
urldate = {2021-05-01},
title = {Literaturwert für die Autrittsarbeit von Wolfram},
year = {2021},
}

@manual{V504,
title = {Versuchsanleitung zu Versuch V504 {Thermische Elektronenemission}},
year = {2021},
organization = {Fakultät Phyik, TU Dortmund},
}