@online{Chemie.de-Wärmekapazität,
url = {https://www.chemie.de/lexikon/Spezifische_W\%C3\%A4rmekapazit\%C3\%A4t.html},
urldate = {2020-11-01},
title = {Literaturwert für spezifische Wärmekapazität von Wasser},
year = {2020},
}

@online{Olympus-ims.com-Schallgeschwindigkeit,
url = {https://www.olympus-ims.com/de/ndt-tutorials/thickness-gauge/appendices-velocities/},
urldate = {2021-07-06},
title = {Literaturwert für die Schallgeschwindigkeit in Acrylglas},
year = {2021},
}

@manual{US1,
title = {Versuchsanleitung zu Versuch US1 {Grundlagen der Ultraschalltechnik}},
year = {2021},
organization = {Fakultät Phyik, TU Dortmund},
}