@manual{V303,
title = {Versuchsanleitung zu Versuch V303 {Der Lock-In-Verstärker}},
year = {2021},
organization = {Fakultät Phyik, TU Dortmund},
}