@online{vanadium,
	url = {http://www.periodensystem-online.de/index.php?id=isotope&el=23&mz=52&show=nuklid&sel=zf},
	urldate = {2021-01-30},
	title = {Literaturwert für Vanadium},
}

@online{rhodium,
	url = {https://www.internetchemie.info/isotop.php?Kern=Rh-104m},
	urldate = {2021-01-30},
	title = {Literaturwert für Rhodium-104},
}
@manual{V702,
title = {Versuchsanleitung zu Versuch V702},
year = {2021},
organization = {Fakultät Phyik, TU Dortmund},
}