@online{Chemie.de-Wärmekapazität,
url = {https://www.chemie.de/lexikon/Spezifische_W\%C3\%A4rmekapazit\%C3\%A4t.html},
urldate = {2020-11-01},
title = {Literaturwert für spezifische Wärmekapazität von Wasser},
year = {2020},
}

@manual{V703,
title = {Versuchsanleitung zu Versuch V703 {Das Geiger-Müller-Zählrohr}},
year = {2020},
organization = {Fakultät Phyik, TU Dortmund},
}