@manual{V302,
title = {Elektrische Brückenschaltungen},
year = {2020},
organization = {Fakultät Phyik, TU Dortmund},
}