@online{Chemie.de-Wärmekapazität,
url = {https://www.chemie.de/lexikon/Spezifische_W\%C3\%A4rmekapazit\%C3\%A4t.html},
urldate = {2020-11-01},
title = {Literaturwert für spezifische Wärmekapazität von Wasser},
year = {2020},
}

@manual{V602,
title = {Versuchsanleitung zu Versuch V602 {Röntgenemission und -absorption}},
year = {2021},
organization = {Fakultät Phyik, TU Dortmund},
}

@online{physics.nist-Absorptionsenergie,
url = {https://physics.nist.gov/cgi-bin/XrayTrans/search.pl?element=Cu&trans=All&lower=&upper=&units=eV},
urldate = {2021-05-03},
title = {Absorptionsenergie für Kupfer,
year = {2021},
}