@online{gasconstant,
	url = {https://physics.nist.gov/cgi-bin/cuu/Value?r},
	urldate = {2021-06-26},
	title = {Literaturwert für Gaskonstante},
}
@manual{V203,
title = {Versuchsanleitung zu Versuch V203},
year = {2021},
organization = {Fakultät Phyik, TU Dortmund},
}