@online{Chemie.de-Aluminium,
url = {https://www.chemie.de},
urldate = {2020-11-01},
title = {Literaturwert},
year = {2020},
}

@book{Demtroeder,
title = {Experimentalphysik I},
author = {Wolfgang Demtröder},
year = {2015},
isbn = {978-3-662-46414-4},
publisher = {Springer Spektrum, Berlin, Heidelberg},
}

@book{Kohlrausch,
title = {Praktische Physik},
author = {F. Kohlrausch},
year = {1996},
publisher = {Teubner},
}

@book{Geschke,
title = {Physikalisches Praktikum},
author = {Geschke},
date = {2011-04-29},
publisher = {Teubner},
}

@manual{V204,
title = {V204: Wärmeleitung von Metallen},
year = {2020},
organization = {Fakultät Phyik, TU Dortmund},
}