@online{Chemie.de-Wärmekapazität,
url = {https://www.chemie.de/lexikon/Spezifische_W\%C3\%A4rmekapazit\%C3\%A4t.html},
urldate = {2020-11-01},
title = {Literaturwert für spezifische Wärmekapazität von Wasser},
year = {2020},
}

@manual{V400,
title = {Versuchsanleitung zu Versuch V400 {Reflexion, Brechung, Beugung}},
year = {2021},
organization = {Fakultät Phyik, TU Dortmund},
}
